<?xml version="1.0" encoding="UTF-8" ?><marc:collection xmlns:marc="http://www.loc.gov/MARC21/slim" xmlns:xsi="http://www.w3.org/2001/XMLSchema-instance" xsi:schemaLocation="http://www.loc.gov/MARC21/slim http://www.loc.gov/standards/marcxml/schema/MARC21slim.xsd">
<marc:record><marc:leader>04834cam a2200625Mi 4500</marc:leader>
<marc:controlfield tag="001">b12115034</marc:controlfield>
<marc:controlfield tag="003">UaCaAUL</marc:controlfield><marc:controlfield tag="005">20180227010018.0</marc:controlfield><marc:controlfield tag="008">911115s1954    ua       b    001 0 ara d</marc:controlfield><marc:datafield tag="035" ind1=" " ind2=" "><marc:subfield code="a">(OCoLC)34093772</marc:subfield><marc:subfield code="z">(OCoLC)21268855</marc:subfield></marc:datafield><marc:datafield tag="040" ind1=" " ind2=" "><marc:subfield code="a">MNU</marc:subfield><marc:subfield code="b">eng</marc:subfield><marc:subfield code="e">rda</marc:subfield><marc:subfield code="c">MNU</marc:subfield><marc:subfield code="d">IXA</marc:subfield><marc:subfield code="d">OCL</marc:subfield><marc:subfield code="d">OCLCQ</marc:subfield><marc:subfield code="d">OCLCO</marc:subfield><marc:subfield code="d">OCLCQ</marc:subfield><marc:subfield code="d">OCLCF</marc:subfield><marc:subfield code="d">OCLCO</marc:subfield><marc:subfield code="d">OCLCQ</marc:subfield><marc:subfield code="d">MEAUC</marc:subfield></marc:datafield><marc:datafield tag="041" ind1="0" ind2=" "><marc:subfield code="a">ara</marc:subfield><marc:subfield code="a">fre</marc:subfield></marc:datafield><marc:datafield tag="049" ind1=" " ind2=" "><marc:subfield code="a">MAIN</marc:subfield></marc:datafield><marc:datafield tag="050" ind1=" " ind2="4"><marc:subfield code="a">BP188.9.A66</marc:subfield><marc:subfield code="b">I75 1954</marc:subfield></marc:datafield><marc:datafield tag="050" ind1=" " ind2="4"><marc:subfield code="a">BP189</marc:subfield><marc:subfield code="b">.L28 1954</marc:subfield></marc:datafield><marc:datafield tag="066" ind1=" " ind2=" "><marc:subfield code="c">(3</marc:subfield></marc:datafield><marc:datafield tag="090" ind1=" " ind2=" "><marc:subfield code="a">BP188.9.A66</marc:subfield><marc:subfield code="b">I75 1954</marc:subfield></marc:datafield><marc:datafield tag="100" ind1="1" ind2=" "><marc:subfield code="6">880-01</marc:subfield><marc:subfield code="a">Iskandarī, ʻAbd al-Muʻṭī ibn Maḥmūd,</marc:subfield><marc:subfield code="d">1167 or 1168-1240 or 1241.</marc:subfield></marc:datafield><marc:datafield tag="245" ind1="1" ind2="0"><marc:subfield code="6">880-02</marc:subfield><marc:subfield code="a">Sharḥ Manāzil al-sāʼirīn /</marc:subfield><marc:subfield code="c">lil-Shaykh al-Imām al-ʻālim al-ʻallāmah al-ḥabr al-baḥr al-fahhāmah shaykh al-muḥaqqaqīn Sadīd al-Dīn Abī Muḥammad ʻAbd al-Muʻṭī ibn Abī al-Thanāʼ Maḥmūd ibn ʻAbd al-Muʻṭī al-Lakhmī al-Iskandarī, ʻafā Allāhu ʻanhu bi-mannihi wa-nafaʻanā bi-hi āmīn ; ḥaqqaqahu wa-qaddama la-hu  al-abb S. dī Lūjaybah dī Būrakī al-Dūminkī =</marc:subfield><marc:subfield code="b">Commentaire du livere des étapes / ʻAbd al-Muʻṭī al-laḥmī al-Iskandarī ; édité avec une introduction par S. de Laugier de Beaurecueil O.P.</marc:subfield></marc:datafield><marc:datafield tag="246" ind1="3" ind2="1"><marc:subfield code="a">Commentaire du Livre des étapes.</marc:subfield></marc:datafield><marc:datafield tag="264" ind1=" " ind2="1"><marc:subfield code="6">880-03</marc:subfield><marc:subfield code="a">al-Qāhirah :</marc:subfield><marc:subfield code="b">Maṭbaʻat al-Maʻhad al-ʻIlmī al-Faransī lil-Āthār al-Sharqīyah bi-al-Qāhirah,</marc:subfield><marc:subfield code="c">1954.</marc:subfield></marc:datafield><marc:datafield tag="300" ind1=" " ind2=" "><marc:subfield code="a">12, 230, 37 pages ;</marc:subfield><marc:subfield code="c">25 cm.</marc:subfield></marc:datafield><marc:datafield tag="336" ind1=" " ind2=" "><marc:subfield code="a">text</marc:subfield><marc:subfield code="b">txt</marc:subfield><marc:subfield code="2">rdacontent.</marc:subfield></marc:datafield><marc:datafield tag="337" ind1=" " ind2=" "><marc:subfield code="a">unmediated</marc:subfield><marc:subfield code="b">n</marc:subfield><marc:subfield code="2">rdamedia.</marc:subfield></marc:datafield><marc:datafield tag="338" ind1=" " ind2=" "><marc:subfield code="a">volume</marc:subfield><marc:subfield code="b">nc</marc:subfield><marc:subfield code="2">rdacarrier.</marc:subfield></marc:datafield><marc:datafield tag="490" ind1="1" ind2=" "><marc:subfield code="6">880-04</marc:subfield><marc:subfield code="a">Nuṣūṣ wa-tarjamāt ;</marc:subfield><marc:subfield code="v">al-mujallad 18.</marc:subfield></marc:datafield><marc:datafield tag="490" ind1="1" ind2=" "><marc:subfield code="6">880-05</marc:subfield><marc:subfield code="a">Anṣārīyāt.</marc:subfield><marc:subfield code="a">al-silsilah 1. ;</marc:subfield><marc:subfield code="v">al-kitāb 2.</marc:subfield></marc:datafield><marc:datafield tag="490" ind1="1" ind2=" "><marc:subfield code="6">880-06</marc:subfield><marc:subfield code="a">Maṭbūʻāt al-Maʻhad al-ʻIlmī al-Faransī lil-Āthār al-Sharqīyah.</marc:subfield></marc:datafield><marc:datafield tag="546" ind1=" " ind2=" "><marc:subfield code="a">Introduction also in French.</marc:subfield></marc:datafield><marc:datafield tag="500" ind1=" " ind2=" "><marc:subfield code="a">At head of title page: Maṭbūʻāt al-Maʻhad al-ʻIlmī al-Faransī lil-Āthār al-Sharqīyah bi-al-Qāhirah bi-ishrāf sant Far Jarnu mudīr al-maʻhad.</marc:subfield></marc:datafield><marc:datafield tag="500" ind1=" " ind2=" "><marc:subfield code="6">880-07</marc:subfield><marc:subfield code="a">Ullifa fī awwalu al-qarn al-sābiʻ al-Hijrī.</marc:subfield></marc:datafield><marc:datafield tag="504" ind1=" " ind2=" "><marc:subfield code="a">Includes bibliographical references and indexes.</marc:subfield></marc:datafield><marc:datafield tag="600" ind1="1" ind2="0"><marc:subfield code="6">880-08</marc:subfield><marc:subfield code="a">Anṣārī al-Harawī, ʻAbd Allāh ibn Muḥammad,</marc:subfield><marc:subfield code="d">1006-1089.</marc:subfield><marc:subfield code="t">Manāzil al-sāʼirīn.</marc:subfield></marc:datafield><marc:datafield tag="650" ind1=" " ind2="0"><marc:subfield code="a">Mysticism</marc:subfield><marc:subfield code="x">Islam</marc:subfield><marc:subfield code="v">Early works to 1800.</marc:subfield></marc:datafield><marc:datafield tag="650" ind1=" " ind2="0"><marc:subfield code="a">Sufism</marc:subfield><marc:subfield code="v">Early works to 1800.</marc:subfield></marc:datafield><marc:datafield tag="700" ind1="1" ind2=" "><marc:subfield code="a">Beaurecueil, Serge de,</marc:subfield><marc:subfield code="d">1917-2005.</marc:subfield></marc:datafield><marc:datafield tag="700" ind1="1" ind2="2"><marc:subfield code="6">880-09</marc:subfield><marc:subfield code="a">Anṣārī al-Harawī, ʻAbd Allāh ibn Muḥammad,</marc:subfield><marc:subfield code="d">1006-1089.</marc:subfield><marc:subfield code="t">Manāzil al-sāʼirīn.</marc:subfield></marc:datafield><marc:datafield tag="776" ind1="0" ind2="8"><marc:subfield code="i">Online version:</marc:subfield><marc:subfield code="a">ʻAbd al-Muʻṭī ibn Maḥmūd ibn ʻAbd ʻAlī al-Lakhmī al-Iskandarānī, 13th cent.</marc:subfield><marc:subfield code="t">Sharḥ Manāzil al-sāʼirīn.</marc:subfield><marc:subfield code="d">al-Qāhirah : al-Maʻhad al-ʻIlmī al-Faransī lil-Āthār al-Sharqīyah, 1954</marc:subfield><marc:subfield code="w">(OCoLC)551261972.</marc:subfield></marc:datafield><marc:datafield tag="800" ind1="1" ind2=" "><marc:subfield code="6">880-10</marc:subfield><marc:subfield code="a">Anṣārī al-Harawī, ʻAbd Allāh ibn Muḥammad,</marc:subfield><marc:subfield code="d">1006-1089.</marc:subfield><marc:subfield code="t">Works.</marc:subfield><marc:subfield code="n">al-Silsilah 1 ;</marc:subfield><marc:subfield code="v">al-kitāb 2.</marc:subfield></marc:datafield><marc:datafield tag="830" ind1=" " ind2="0"><marc:subfield code="a">Textes et traductions d'auteurs orientaux ;</marc:subfield><marc:subfield code="v">t. 18.</marc:subfield></marc:datafield><marc:datafield tag="830" ind1=" " ind2="0"><marc:subfield code="a">Publications de l'Institut franca̧is d'archeólogie orientale du Caire.</marc:subfield></marc:datafield><marc:datafield tag="880" ind1="1" ind2=" "><marc:subfield code="6">100-01/(3/r</marc:subfield><marc:subfield code="a">اسكندري، عبد المعطي بن محمود،‪</marc:subfield><marc:subfield code="d">1167 أو 1168-1240 أو 1241.</marc:subfield></marc:datafield><marc:datafield tag="880" ind1=" " ind2="1"><marc:subfield code="6">264-03/(3/r</marc:subfield><marc:subfield code="a">القاهرة :‪</marc:subfield><marc:subfield code="b">مطبعة المعهد العلمي الفرنسي للآثار الشرقية بالقاهرة،‪</marc:subfield><marc:subfield code="c">1954.</marc:subfield></marc:datafield><marc:datafield tag="880" ind1="1" ind2="0"><marc:subfield code="6">245-02/(3/r</marc:subfield><marc:subfield code="a">شرح منازل السائرين /‪</marc:subfield><marc:subfield code="c">للشيخ الإمام العالم العلامة الحبر البحر الفهامة شيخ المحققين سديد الدين أبي محمد عبد المعطي بن أبي الثناء محمود بن عبد المعطي اللخمي الاسكندري، عفا الله عنه بمنه ونفعنا به آمين ؛ حققه وقدم له الأب س. دي لوجيبة دي بوركي الدومنكي..</marc:subfield></marc:datafield><marc:datafield tag="880" ind1="1" ind2=" "><marc:subfield code="6">490-04/(3/r</marc:subfield><marc:subfield code="a">نصوص وترجمات ؛‪</marc:subfield><marc:subfield code="v">18.</marc:subfield></marc:datafield><marc:datafield tag="880" ind1="1" ind2=" "><marc:subfield code="6">490-05/(3/r</marc:subfield><marc:subfield code="a">أنصاريات.‪</marc:subfield><marc:subfield code="a">السلسلة 1. ؛‪</marc:subfield><marc:subfield code="v">الكتاب 2.</marc:subfield></marc:datafield><marc:datafield tag="880" ind1="1" ind2=" "><marc:subfield code="6">490-06/(3/r</marc:subfield><marc:subfield code="a">مطبوعات المعهد العلمى الفرنسى للآثار الشرقية بالقاهرة..</marc:subfield></marc:datafield><marc:datafield tag="880" ind1=" " ind2=" "><marc:subfield code="6">500-07/(3/r</marc:subfield><marc:subfield code="a">أالف في أول القرن السابع الهجري..</marc:subfield></marc:datafield><marc:datafield tag="880" ind1="1" ind2="4"><marc:subfield code="6">600-08/(3/r</marc:subfield><marc:subfield code="a">أنصاري الهروي: عبد الله بن محمد:‪</marc:subfield><marc:subfield code="d">1006-1089.</marc:subfield><marc:subfield code="t">منازل السائرين..</marc:subfield></marc:datafield><marc:datafield tag="880" ind1="1" ind2="2"><marc:subfield code="6">700-09/(3/r</marc:subfield><marc:subfield code="a">أنصاري الهروي: عبد الله بن محمد:‪</marc:subfield><marc:subfield code="d">1006-1089.</marc:subfield><marc:subfield code="t">منازل السائرين..</marc:subfield></marc:datafield><marc:datafield tag="880" ind1="1" ind2=" "><marc:subfield code="6">800-10/(3/r</marc:subfield><marc:subfield code="a">أنصاري الهروي، عبد الله بن محمد،‪</marc:subfield><marc:subfield code="d">1006-1089.</marc:subfield><marc:subfield code="t">أعمال.‪</marc:subfield><marc:subfield code="n">السلسلة 1 ؛‪</marc:subfield><marc:subfield code="v">الكتاب 2.</marc:subfield></marc:datafield><marc:datafield tag="907" ind1=" " ind2=" "><marc:subfield code="a">.b12115034</marc:subfield><marc:subfield code="b">main </marc:subfield></marc:datafield><marc:datafield tag="902" ind1=" " ind2=" "><marc:subfield code="a">180403</marc:subfield></marc:datafield><marc:datafield tag="998" ind1=" " ind2=" "><marc:subfield code="b">2</marc:subfield><marc:subfield code="c">981027</marc:subfield><marc:subfield code="d">m</marc:subfield><marc:subfield code="e">a</marc:subfield><marc:subfield code="f">-</marc:subfield><marc:subfield code="g">0</marc:subfield><marc:subfield code="k">SHA, TA</marc:subfield></marc:datafield><marc:datafield tag="945" ind1=" " ind2=" "><marc:subfield code="l">main </marc:subfield></marc:datafield></marc:record>
</marc:collection>
